@book{lander2014r,
  title={R for Everyone: Advanced Analytics and Graphics},
  author={Lander, J.P.},
  isbn={9780321888037},
  lccn={2013027407},
  series={Addison-Wesley data and analytics series},
  url={https://books.google.com/books?id=3eBVAgAAQBAJ},
  year={2014},
  publisher={Addison-Wesley}
}

@book{field2012discovering,
  title={Discovering Statistics Using R},
  author={Field, A. and Miles, J. and Field, Z.},
  isbn={9781446258460},
  url={https://books.google.com/books?id=wd2K2zC3swIC},
  year={2012},
  publisher={SAGE Publications}
}
